<?xml version="1.0" encoding="UTF-8"?><collection xmlns="http://www.loc.gov/MARC21/slim"><record><leader>00438nam--2200169-i-4500</leader><controlfield tag="001">000001979</controlfield><controlfield tag="002">20161230</controlfield><controlfield tag="005">20161230201024</controlfield><controlfield tag="008">060222s1000------------r-----000-0-rus-d</controlfield><datafield ind1=" " ind2=" " tag="040"><subfield code="a">IFIN-HH</subfield></datafield><datafield ind1=" " ind2=" " tag="041"><subfield code="a">rus</subfield></datafield><datafield ind1=" " ind2=" " tag="080"><subfield code="a">533.951.7</subfield></datafield><datafield ind1="1" ind2=" " tag="100"><subfield code="a">Velenov, A.A</subfield></datafield><datafield ind1="1" ind2="0" tag="245"><subfield code="a">Fizika plazmi</subfield><subfield code="b">Teoriia turbulentnoi plazmi</subfield><subfield code="c">A.A. Velenov</subfield></datafield><datafield ind1=" " ind2=" " tag="260"><subfield code="a">Moskva</subfield><subfield code="b">Akademiia Nauk SSSR</subfield><subfield code="c">1965</subfield></datafield><datafield ind1=" " ind2=" " tag="852"><subfield code="a">22720</subfield><subfield code="c">533.9</subfield></datafield><datafield ind1=" " ind2=" " tag="CAT"><subfield code="a">Sys</subfield><subfield code="c">20100922</subfield><subfield code="h">114029</subfield></datafield></record></collection>